@techreport{aqua_mass_sumaries,
    author = {Ramesh Kakar},
    title = {Aqua},
    institution = {NASA},
    year = {2003}
}

@techreport{aqua_acds,
    author = {J. Glickman, J. Hashmall, G . Natanson, and J. Sedlak},
    title = {EARTH OBSERVING SYSTEM (EOS) AQUA LAUNCH AND EARLY MISSION ATTITUDE SUPPORT EXPERIENCES},
    institution = {NASA},
    year = {2002}
}

@misc{landsat,
    url = {https://landsat.gsfc.nasa.gov/satellites/landsat-8/},
    title = {Landsat 8},
    publisher = {NASA}
}

@misc{mril,
    url = {https://en.wikipedia.org/wiki/Moderate\textunderscoreResolution_Imaging_Spectroradiometer},
    title = {Moderate Resolution Imaging Spectroradiometer},
    publisher = {Wikipedia}
}

@techreport{aqua_health_summary,
    title = {Aqua Summary},
    institution = {NASA},
    year = {2024}
}

@misc{aqua_orbit_info,
    url = {https://aqua.nasa.gov/content/about-aqua},
    title = {About Aqua},
    publisher = {NASA}
}




@article{soft_robotics,
  title = {Soft Robotics: Challenges and Perspectives},
  journal = {Procedia Comput. Sci.},
  author = {Fumiya Iida, Cecilia Laschi},
  year = {2011},
  month = dec 
}

@article{ssm_paper,
  title = {Data-Driven Spectral Submanifold Reduction for Nonlinear Optimal Control of High-Dimensional Robots},
  journal = {2023 IEEE International Conference on Robotics and Automation (ICRA 2023)},
  author = {John Irvin Alora, Mattia Cenedese, Edward Schmerling, George Haller, Marco Pavone},
  year = {2023},
  month = may 
}

@article{pca_paper,
  title = {Principal component analysis: a review and recent developments},
  journal = {Philos Trans A Math Phys Eng Sci.},
  author = {Ian T. Jolliffe, Jorge Cadima},
  year = {2016},
  month = april 
}

@article{burger_paper,
  title = {A systematic literature review of Burgersâ€™ equation with recent advances},
  author = {Mayur P Bonkile, Lakshmi C Nair, Vijitha Mukundan, Ashish Awasthi},
  year = {2018},
}

@techreport{anderson2018life,
  title={Life support baseline values and assumptions document},
  author={Anderson, Molly S and Ewert, Michael K and Keener, John F},
  year={2018}
}

@misc{smith2012heuristic,
  doi = {10.48550/ARXIV.1207.4166},
  url = {https://arxiv.org/abs/1207.4166},
  author = {Smith,  Trey and Simmons,  Reid},
  keywords = {Artificial Intelligence (cs.AI),  FOS: Computer and information sciences,  FOS: Computer and information sciences},
  title = {Heuristic Search Value Iteration for POMDPs},
  publisher = {arXiv},
  year = {2012},
  copyright = {arXiv.org perpetual,  non-exclusive license}
}

@book{kochenderfer2022algorithms,
  place = {Cambridge},
  title = {Algorithms for decision making},
  publisher = {Massachusetts Institute of Technology},
  author = {Kochenderfer, Mykel J. and Wheeler, Tim A. and Wray, Kyle H.},
  year = {2022}
} 